<?xml version="1.0" encoding="UTF-8"?><record xmlns="http://www.loc.gov/MARC21/slim" xmlns:cinclude="http://apache.org/cocoon/include/1.0" xmlns:zs="http://www.loc.gov/zing/srw/">
  <leader>00746nz  a2200205n  4500</leader>
  <controlfield tag="001">no2014132002</controlfield>
  <controlfield tag="003">DLC</controlfield>
  <controlfield tag="005">20141007073825.0</controlfield>
  <controlfield tag="008">141006n| azannaabn          |n aaa     c</controlfield>
  <datafield tag="010" ind1=" " ind2=" ">
    <subfield code="a">no2014132002</subfield>
  </datafield>
  <datafield tag="035" ind1=" " ind2=" ">
    <subfield code="a">(OCoLC)oca09980936</subfield>
  </datafield>
  <datafield tag="040" ind1=" " ind2=" ">
    <subfield code="a">MnU</subfield>
    <subfield code="b">eng</subfield>
    <subfield code="e">rda</subfield>
    <subfield code="c">MnU</subfield>
  </datafield>
  <datafield tag="046" ind1=" " ind2=" ">
    <subfield code="f">19750331</subfield>
  </datafield>
  <datafield tag="100" ind1="1" ind2=" ">
    <subfield code="a">Sonck, Mikaela,</subfield>
    <subfield code="d">1975-</subfield>
  </datafield>
  <datafield tag="370" ind1=" " ind2=" ">
    <subfield code="a">Tammisaari (Finland)</subfield>
    <subfield code="2">naf</subfield>
  </datafield>
  <datafield tag="372" ind1=" " ind2=" ">
    <subfield code="a">Journalism</subfield>
    <subfield code="a">Photography</subfield>
    <subfield code="2">lcsh</subfield>
  </datafield>
  <datafield tag="374" ind1=" " ind2=" ">
    <subfield code="a">Journalists</subfield>
    <subfield code="a">Photographers</subfield>
    <subfield code="2">lcsh</subfield>
  </datafield>
  <datafield tag="377" ind1=" " ind2=" ">
    <subfield code="a">swe</subfield>
  </datafield>
  <datafield tag="670" ind1=" " ind2=" ">
    <subfield code="a">Naken, 2013:</subfield>
    <subfield code="b">title page (red. Mikaela Sonck)</subfield>
  </datafield>
  <datafield tag="670" ind1=" " ind2=" ">
    <subfield code="a">Swedish Wikipedia, viewed October 6. 2014:</subfield>
    <subfield code="b">(born March 31, 1975 in EkenaĚs, Finland; freelance photographer, news reporter, and presenter in Finnish TV)</subfield>
    <subfield code="u">http://sv.wikipedia.org/wiki/Mikaela_Sonck</subfield>
  </datafield>
</record>